@misc{schulman2015highdimensional,
    title={High-Dimensional Continuous Control Using Generalized Advantage Estimation},
    author={John Schulman and Philipp Moritz and Sergey Levine and Michael Jordan and Pieter Abbeel},
    year={2015},
    eprint={1506.02438},
    archivePrefix={arXiv},
    primaryClass={cs.LG}
}

@misc{schulman2017proximal,
    title={Proximal Policy Optimization Algorithms},
    author={John Schulman and Filip Wolski and Prafulla Dhariwal and Alec Radford and Oleg Klimov},
    year={2017},
    eprint={1707.06347},
    archivePrefix={arXiv},
    primaryClass={cs.LG}
}

@book{sutton1998introduction,
  title={Introduction to reinforcement learning},
  author={Sutton, Richard S and Barto, Andrew G and others},
  volume={135},
  year={1998},
  publisher={MIT press Cambridge}
}

@misc{henderson2017deep,
    title={Deep Reinforcement Learning that Matters},
    author={Peter Henderson and Riashat Islam and Philip Bachman and Joelle Pineau and Doina Precup and David Meger},
    year={2017},
    eprint={1709.06560},
    archivePrefix={arXiv},
    primaryClass={cs.LG}
}

@article{xiao2018deep,
  title={A deep learning-based multi-model ensemble method for cancer prediction},
  author={Xiao, Yawen and Wu, Jun and Lin, Zongli and Zhao, Xiaodong},
  journal={Computer methods and programs in biomedicine},
  volume={153},
  pages={1--9},
  year={2018},
  publisher={Elsevier}
}

@misc{islam2017reproducibility,
    title={Reproducibility of Benchmarked Deep Reinforcement Learning Tasks for Continuous Control},
    author={Riashat Islam and Peter Henderson and Maziar Gomrokchi and Doina Precup},
    year={2017},
    eprint={1708.04133},
    archivePrefix={arXiv},
    primaryClass={cs.LG}
}

@misc{brockman2016openai,
    title={OpenAI Gym},
    author={Greg Brockman and Vicki Cheung and Ludwig Pettersson and Jonas Schneider and John Schulman and Jie Tang and Wojciech Zaremba},
    year={2016},
    eprint={1606.01540},
    archivePrefix={arXiv},
    primaryClass={cs.LG}
}

@article{coumans2016pybullet,
  title={Pybullet, a python module for physics simulation for games, robotics and machine learning},
  author={Coumans, Erwin and Bai, Yunfei},
  journal={GitHub repository},
  year={2016}
}

@inproceedings{todorov2012mujoco,
  title={Mujoco: A physics engine for model-based control},
  author={Todorov, Emanuel and Erez, Tom and Tassa, Yuval},
  booktitle={2012 IEEE/RSJ International Conference on Intelligent Robots and Systems},
  pages={5026--5033},
  year={2012},
  organization={IEEE}
}

